<?xml version="1.0" encoding="UTF-8"?><collection xmlns="http://www.loc.gov/MARC21/slim"><record><leader>00697nam--2200205-i-4500</leader><controlfield tag="001">000000064</controlfield><controlfield tag="002">20161230</controlfield><controlfield tag="005">20161230201023</controlfield><controlfield tag="008">060222s1000------------r-----000-0-eng-d</controlfield><datafield ind1=" " ind2=" " tag="020"><subfield code="a">3540133240</subfield></datafield><datafield ind1=" " ind2=" " tag="040"><subfield code="a">IFIN-HH</subfield></datafield><datafield ind1=" " ind2=" " tag="080"><subfield code="a">537.312.62(061.3)</subfield></datafield><datafield ind1="1" ind2=" " tag="100"><subfield code="a">Matsubara, T</subfield></datafield><datafield ind1="1" ind2="0" tag="245"><subfield code="a">Superconductivity in magnetic and exotic materials</subfield><subfield code="b">Proceedings of the sixth taniguchi international symposium, kashikojima, japan, november 14-18, 1983</subfield><subfield code="c">T. matsubara, a. kotani (eds.)</subfield></datafield><datafield ind1=" " ind2=" " tag="260"><subfield code="a">Berlin</subfield><subfield code="b">Springer-verlag</subfield><subfield code="c">1984</subfield></datafield><datafield ind1=" " ind2=" " tag="300"><subfield code="a">XII+211P</subfield></datafield><datafield ind1=" " ind2=" " tag="490"><subfield code="a">Springer Series In Solid-state Sciences</subfield><subfield code="v">Vol. 52</subfield></datafield><datafield ind1="1" ind2=" " tag="700"><subfield code="a">Kotani, A</subfield><subfield code="e">Ed</subfield></datafield><datafield ind1=" " ind2=" " tag="852"><subfield code="a">46526</subfield><subfield code="c">539.2</subfield></datafield><datafield ind1=" " ind2=" " tag="CAT"><subfield code="a">Sys</subfield><subfield code="c">20121029</subfield><subfield code="h">171637</subfield></datafield></record></collection>